<record><leader>00000cas a22000007a 4500</leader><controlfield tag="001">25374704</controlfield><controlfield tag="008">920302d19091912okuwr ne      0    0eng d</controlfield><datafield ind1=" " ind2=" " tag="010"><subfield code="a">sn 92061747 </subfield></datafield><datafield ind1=" " ind2=" " tag="040"><subfield code="a">NYS</subfield><subfield code="b">eng</subfield><subfield code="c">NYS</subfield><subfield code="d">OBN</subfield><subfield code="d">OCLCQ</subfield><subfield code="d">OCLCF</subfield><subfield code="d">OCLCO</subfield></datafield><datafield ind1="1" ind2=" " tag="029"><subfield code="a">AU@</subfield><subfield code="b">000020706783</subfield></datafield><datafield ind1=" " ind2=" " tag="042"><subfield code="a">msc</subfield></datafield><datafield ind1=" " ind2=" " tag="043"><subfield code="a">n-us-ok</subfield></datafield><datafield ind1="0" ind2=" " tag="130"><subfield code="a">Rogers County news (Claremore, Okla.)</subfield></datafield><datafield ind1="1" ind2="4" tag="245"><subfield code="a">The Rogers County news.</subfield></datafield><datafield ind1="3" ind2=" " tag="246"><subfield code="a">Claremore news</subfield></datafield><datafield ind1=" " ind2=" " tag="260"><subfield code="a">Claremore, Okla. :</subfield><subfield code="b">J.H. Larner</subfield></datafield><datafield ind1=" " ind2=" " tag="300"><subfield code="a">v.</subfield></datafield><datafield ind1=" " ind2=" " tag="310"><subfield code="a">Weekly</subfield></datafield><datafield ind1="1" ind2=" " tag="362"><subfield code="a">Began in Mar. 1909; ceased in 1912.</subfield></datafield><datafield ind1=" " ind2=" " tag="515"><subfield code="a">Jan. 4, 1912 issue misdated 1911.</subfield></datafield><datafield ind1=" " ind2=" " tag="588"><subfield code="a">Description based on: Vol. 1, no. 2 (Mar. 31, 1909).</subfield></datafield><datafield ind1=" " ind2="0" tag="651"><subfield code="a">Claremore (Okla.)</subfield><subfield code="v">Newspapers.</subfield></datafield><datafield ind1=" " ind2="0" tag="651"><subfield code="a">Rogers County (Okla.)</subfield><subfield code="v">Newspapers.</subfield></datafield><datafield ind1=" " ind2="7" tag="655"><subfield code="a">Newspapers.</subfield><subfield code="2">fast</subfield><subfield code="0">(OCoLC)fst01423814</subfield></datafield><datafield ind1=" " ind2="7" tag="651"><subfield code="a">Oklahoma</subfield><subfield code="z">Claremore.</subfield><subfield code="2">fast</subfield><subfield code="0">(OCoLC)fst01220565</subfield></datafield><datafield ind1=" " ind2="7" tag="651"><subfield code="a">Oklahoma</subfield><subfield code="z">Rogers County.</subfield><subfield code="2">fast</subfield><subfield code="0">(OCoLC)fst01221452</subfield></datafield><datafield ind1=" " ind2=" " tag="752"><subfield code="a">United States</subfield><subfield code="b">Oklahoma</subfield><subfield code="c">Rogers</subfield><subfield code="d">Claremore.</subfield></datafield><datafield ind1="0" ind2="7" tag="785"><subfield code="t">Rogers County leader</subfield><subfield code="w">(DLC)sn 92061746</subfield><subfield code="w">(OCoLC)25374640</subfield></datafield><datafield ind1="0" ind2="7" tag="785"><subfield code="t">Rogers County leader and Rogers County news</subfield><subfield code="w">(DLC)sn 92061748</subfield><subfield code="w">(OCoLC)25374770</subfield></datafield></record>